<?xml version="1.0" encoding="UTF-8"?><collection xmlns="http://www.loc.gov/MARC21/slim"><record><leader>00318nam--2200109-i-4500</leader><controlfield tag="001">000038587</controlfield><controlfield tag="002">20161230</controlfield><controlfield tag="005">20161230201041</controlfield><controlfield tag="008">060222s1000------------r-----000-0-eng-d</controlfield><datafield ind1=" " ind2=" " tag="245"><subfield code="a">Repertoriul periodicelor straine din r.p.r. abonamente 1963. seria b si c</subfield></datafield><datafield ind1=" " ind2=" " tag="260"><subfield code="a">Bucuresti, Bibl.Centr.De Stat, 1964, 411p</subfield></datafield><datafield ind1=" " ind2=" " tag="852"><subfield code="a">9766</subfield></datafield></record></collection>